5775 6850
438 763 504 831 56⁷
1266 759 1460 828 SERMON
1482 760 1639 830 XLVIII
2292 822 2297 831 .
2389 764 2456 831 568

441 961 602 1060 hommes,
626 959 708 1024 meis
723 955 747 1021 il
763 956 832 1022 lent
847 955 1116 1070 qu'ilsrresistent
1137 975 1205 1020 eux
1227 956 1420 1023 tentatione:
1448 956 1578 1035 ¹litnde
1607 957 1681 1041 plus
1711 957 1896 1041 proebeine.
1940 957 2001 1058 ⁰¹¹.
2027 980 2070 1024 en
2100 960 2286 1059 verre'qni·
2310 980 2352 1024 ηο
2375 980 2457 1042 pen·

440 1043 651 1213 tellit
666 1041 909 1207 lftlttlsslt
924 1040 1422 1211 tltzttttttt‘tttlt
1448 1126 1450 1209 :
1475 1044 1939 1212 :tlttttstdlltlt
1955 1043 2367 1208 rttttettttlt
2382 1046 2458 1199 tt?

440 1217 483 1281 de
511 1217 590 1296 cele,
624 1215 681 1298 qni
715 1234 757 1280 ne
785 1223 864 1298 peut
897 1221 1051 1296 apperter
1078 1213 1137 1278 nul
1164 1214 1272 1297 pretit.
1324 1212 1423 1279 veile
1474 1233 1556 1298 ques
1583 1222 1604 1280 t
1633 1217 1703 1280 e‘en
1730 1236 1844 1282 erever
1866 1216 1907 1281 de
1929 1224 2008 1282 tout.
2053 1215 2264 1300 Quendily
2287 1237 2458 1285 aurnuns

440 1303 489 1368 les
512 1302 662 1367 hemines
685 1301 742 1382 qui
765 1322 800 1366 ee
830 1300 974 1384 deprent
1002 1301 1187 1382 eegneistre
1215 1300 1359 1366 eseleves
1382 1299 1422 1365 de
1447 1314 1450 1389 3
1474 1299 1594 1366 rinnde
1626 1305 1800 1378 menealne,
1833 1302 1857 1365 il
1888 1300 1962 1366 n'en
1997 1303 2140 1368 lendreit
2169 1306 2267 1384 qn'en
2300 1323 2455 1371 mereesu

440 1385 552 1471 peche,
580 1388 622 1453 ils
645 1386 790 1472 doyvent
811 1386 915 1452 sentit
936 1384 984 1451 les
1006 1383 1089 1451 liene
1112 1384 1157 1450 dn
1179 1385 1295 1468 diablo,
1324 1389 1359 1450 et
1381 1385 1421 1450 de
1447 1392 1450 1483 j
1474 1406 1555 1468 pour
1587 1388 1666 1452 seire
1699 1385 1766 1452 mel
1795 1386 1816 1452 d
1845 1387 2049 1455 l’estemeeh:
2083 1392 2117 1452 et
2144 1387 2186 1452 ils
2207 1409 2248 1453 en
2271 1388 2457 1471 prendrent

438 1484 538 1554 mert,
570 1479 604 1538 et
634 1472 674 1537 de
702 1470 911 1539 maledietien
938 1470 994 1554 qni
1016 1480 1067 1536 eet
1087 1491 1127 1536 en
1150 1491 1225 1554 eux,
1258 1470 1336 1554 qu'il
1357 1492 1381 1555 y
1402 1491 1422 1535 e
1447 1518 1450 1561 3
1474 1471 1552 1537 treis
1575 1472 1758 1538 deuzeines.
1803 1471 1853 1538 Or
1880 1471 1975 1554 dene,
2004 1482 2078 1538 tent
2105 1474 2189 1539 ainsi
2217 1494 2279 1556 que
2301 1473 2350 1539 les
2371 1494 2457 1559 gens

437 1580 484 1624 nn
501 1560 638 1643 ebyeme
653 1557 826 1640 d’iniqnite
841 1578 881 1623 en
897 1558 969 1623 leur
985 1564 1112 1636 nature,
1135 1556 1303 1622 tellement
1324 1555 1422 1639 qn’ils
1447 1566 1450 1637 ξ
1474 1557 1665 1642 desgenstez
1696 1567 1729 1624 et
1758 1559 1824 1623 mel
1853 1559 1943 1625 seins
1965 1580 2005 1624 ne
2027 1578 2062 1625 se
2089 1569 2232 1641 pensent
2254 1580 2346 1625 esser
2369 1581 2456 1627 rem·

438 1646 585 1733 deyvent
599 1652 686 1710 estre
708 1644 906 1711 eenveinens
929 1643 1025 1727 qn'ils
1043 1652 1118 1708 sent
1140 1643 1255 1726 dignes
1278 1642 1319 1707 de
1336 1653 1422 1707 mort
1447 1642 1450 1699 l
1475 1643 1540 1725 plir
1569 1645 1609 1709 de
1635 1645 1822 1710 manveises
1852 1644 1996 1722 eineder,
2029 1647 2084 1728 qni
2112 1651 2187 1711 sent
2215 1665 2343 1712 eemme
2365 1644 2455 1713 demi

436 1731 603 1807 eternelle
632 1741 665 1795 et
695 1729 790 1813 qn’ils
820 1730 950 1796 n’esent
971 1749 1088 1814 pesse
1109 1734 1277 1812 presenter
1299 1729 1423 1793 devant
1448 1736 1450 1765 ²
1475 1730 1625 1811 peisens:
1647 1732 1731 1796 einei
1752 1733 1858 1796 seinet
1873 1731 1957 1797 Peul
1979 1730 2028 1796 dit
2049 1738 2262 1811 notemment,
2284 1752 2348 1815 qne
2368 1752 2458 1799 eenx

438 1816 544 1901 Dieu,
585 1815 734 1882 d'eutsnt
774 1815 870 1898 qn’ils
903 1825 980 1881 sent
1010 1834 1063 1881 ses
1096 1815 1245 1881 ennemis
1278 1814 1421 1880 mortels.
1447 1802 1449 1905 l
1474 1817 1528 1897 qui
1561 1816 1740 1882 eherehent
1774 1816 1858 1883 rinei
1891 1824 1912 1882 d
1941 1815 2080 1896 s’enfler,
2112 1829 2145 1883 et
2174 1818 2230 1900 qui
2260 1817 2456 1901 appliqnent

439 1902 562 1984 Quend
591 1923 675 1969 neue
702 1901 893 1985 penserions
923 1900 999 1967 bien
1027 1908 1048 1966 d
1077 1899 1154 1982 eele,
1183 1901 1214 1966 ie
1238 1920 1318 1966 vous
1341 1901 1421 1983 prie,
1447 1922 1449 1943 ¹
1474 1909 1566 1966 tonte
1596 1902 1666 1967 lenr
1695 1903 1809 1967 ostede
1839 1909 1861 1967 b
1888 1901 1946 1968 des
1968 1905 2134 1984 questions
2156 1903 2300 1982 triveles,
2328 1910 2362 1968 et
2383 1923 2453 1970 ηοη

440 1991 674 2056 auriens-neus
689 1987 780 2052 leieir
799 1988 839 2053 de
861 1987 942 2052 relti
967 2007 1004 2052 er
1025 1987 1118 2062 einsi,
1142 1994 1175 2051 et
1197 1987 1237 2051 de
1259 1988 1339 2052 feire
1362 2007 1421 2051 nes
1473 1988 1566 2070 point
1594 1995 1615 2053 d
1642 1997 1728 2053 estre
1756 1990 1931 2073 enseignee
1959 1987 2149 2054 fidelement
2176 2012 2216 2055 en
2246 1990 2279 2054 le
2307 1988 2457 2056 deetrine

439 2074 623 2142 brer-edes?
665 2073 759 2139 Neus
790 2093 912 2159 voyens
942 2008 1015 2137 bien
1047 2072 1132 2138 dene
1157 2091 1219 2155 que
1242 2080 1317 2137 teus
1338 2092 1421 2137 eenx
1447 2150 1449 2157 Ι
1474 2072 1514 2138 de
1548 2071 1644 2153 Dieu,
1677 2084 1710 2138 et
1743 2095 1784 2139 en
1818 2074 1850 2139 le
1882 2075 2057 2157 simplieite
2089 2074 2129 2140 de
2162 2074 2357 2158 l'llvengile‚
2390 2094 2459 2159 que

438 2163 496 2242 qni
525 2159 742 2243 s'eppliquent
770 2159 855 2225 einei
881 2157 1073 2241 deisivete,
1100 2166 1135 2222 et
1156 2157 1213 2241 qui
1234 2177 1270 2223 se
1291 2158 1421 2241 sergent
1445 2188 1449 2249 ¹.
1473 2157 1607 2224 deux-lb
1639 2168 1714 2225 sent
1747 2180 1872 2226 comme
1903 2160 2048 2226 meledes
2081 2160 2136 2244 qui
2170 2172 2227 2226 ent
2263 2160 2459 2228 l’estemeelr

438 2248 498 2314 des
529 2244 659 2311 estudes
686 2245 808 2324 verines,
836 2249 931 2311 n'ent
953 2242 1042 2310 nulle
1064 2244 1189 2311 seienee
1212 2264 1253 2309 en
1276 2263 1351 2322 eux,
1380 2243 1421 2308 ils
1445 2254 1449 2337 j
1473 2264 1644 2328 eerrempu
1668 2245 1708 2311 de
1730 2247 1916 2313 meuveiees
1938 2245 2103 2326 humenis,
2127 2249 2237 2330 etqui
2260 2267 2302 2312 ne
2321 2245 2460 2312 demen-

438 2333 534 2398 n’ent
561 2352 623 2415 que
653 2329 695 2396 dn
726 2341 806 2396 vent
834 2331 889 2414 qni
921 2330 969 2397 les
990 2331 1083 2407 enfle,
1111 2329 1259 2397 eembien
1281 2349 1344 2412 qne
1367 2329 1419 2395 de·
1445 2366 1449 2377 ·
1473 2329 1551 2395 dent
1565 2349 1699 2397 eneeres
1714 2351 1777 2415 qne
1792 2331 1832 2397 de
1847 2333 1878 2397 le
1892 2332 2028 2416 remplir
2048 2330 2088 2397 de
2111 2331 2247 2398 viendes
2268 2333 2457 2399 maureium

438 2426 522 2484 vent
554 2417 603 2483 les
631 2416 780 2482 hommes
808 2415 849 2482 ils
878 2421 996 2501 seyent
1022 2416 1188 2498 beeueeup
1210 2415 1355 2494 estimes,
1388 2424 1421 2482 et
1445 2436 1448 2493 j
1472 2425 1506 2481 et
1520 2417 1690 2482 nuisentes
1706 2438 1788 2501 penr
1803 2418 1967 2484 tensieurs
1983 2428 2176 2502 augmentet
2197 2417 2268 2484 leur
2290 2419 2367 2484 mel.
2405 2416 2459 2485 No

437 2503 537 2587 qu’ils
558 2523 595 2570 ee
617 2502 759 2586 pleisent
780 2523 822 2568 en
844 2500 934 2568 leurs
955 2502 1067 2568 reinss
1089 2502 1268 2568 euriositen.
1445 2500 1448 2557 l
1472 2502 1710 2568 veniens-neus
1724 2504 1816 2586 peint
1831 2504 1916 2569 dene
1936 2503 1958 2569 d
1980 2513 2092 2570 nestre
2113 2507 2237 2571 eseient
2258 2524 2343 2570 nens
2359 2503 2455 2569 elen-

524 2590 570 2655 lie
601 2588 688 2656 voille
716 2590 804 2655 aussi
833 2608 1005 2673 penrquey
1035 2587 1071 2655 S.
1099 2587 1183 2653 Psnl
1214 2592 1421 2652 netemment
1471 2607 1554 2670 gner
1576 2587 1616 2654 de
1640 2589 1723 2654 Dien
1746 2594 1780 2653 et
1801 2590 1842 2655 de
1864 2589 1896 2656 le
1919 2599 2034 2672 purete
2057 2590 2097 2655 de
2119 2611 2158 2655 ee
2179 2589 2301 2673 parole,
2323 2589 2379 2673 qni
2402 2596 2456 2657 est

436 2675 595 2752 edienste,
616 2673 711 2758 pu‘ile
727 2695 768 2739 ne
788 2674 855 2757 feet
875 2694 936 2757 pree
958 2674 1098 2757 lenpue'r,
1122 2678 1228 2739 erens
1246 2672 1358 2756 prives
1381 2673 1419 2738 de
1470 2672 1503 2737 le
1529 2673 1675 2741 doetrine
1700 2674 1741 2740 de
1766 2675 1876 2741 salut?
1924 2676 1975 2741 Ne
1998 2677 2231 2741 seuleus-noue
2253 2676 2344 2759 peint
2363 2683 2455 2742 estre

434 2761 471 2827 le
498 2761 604 2827 ende.
655 2760 685 2826 ll
719 2762 808 2827 ereit
842 2761 891 2826 dit
922 2779 986 2844 qne
1020 2760 1052 2823 le
1080 2760 1226 2826 doetrine
1256 2759 1295 2824 de
1325 2759 1418 2825 lesus
1470 2759 1580 2843 priver
1595 2760 1673 2826 d’un
1695 2759 1741 2826 tel
1763 2761 1848 2839 bien,
1871 2762 1954 2828 meis
1975 2782 2016 2826 en
2039 2771 2126 2828 estre
2147 2762 2310 2827 ienissens
2330 2760 2450 2829 tenete

435 2846 551 2913 Christ
572 2855 622 2912 eet
639 2848 741 2927 enine,
763 2860 796 2912 et
818 2866 958 2912 mesmes
978 2844 1003 2911 il
1024 2845 1236 2913 l'aveiteinsi
1257 2865 1418 2926 nemmee,
1470 2857 1576 2928 temps
1609 2846 1650 2911 de
1683 2854 1796 2913 nostre
1830 2845 1905 2913 vie?
1957 2846 2031 2928 Qne
2065 2867 2148 2912 nens
2181 2848 2378 2930 eppreniens
2410 2846 2454 2913 de

436 2952 559 3015 pouree
588 2932 705 3015 qu’elle
732 2952 816 2998 nens
840 2942 974 3016 apperte
994 2932 1162 3016 gnerieen:
1192 2951 1317 2998 eemme
1339 2935 1418 2997 e’est
1471 2950 1552 2997 neus
1580 2940 1750 2998 eententer
1778 2930 1818 2998 de
1849 2931 1882 2999 le
1903 2933 2076 3017 simplieite
2098 2933 2139 2999 de
2159 2932 2353 3017 l'llvengile,
2387 2952 2452 3017 que

437 3019 469 3083 le
504 3018 673 3085 medeeine
705 3017 745 3082 de
780 3026 889 3083 tentes
922 3038 982 3083 nes
1018 3016 1175 3084 meledies
1210 3017 1417 3100 spirituellee‚
1470 3038 1551 3082 nens
1574 3038 1615 3082 ne
1637 3039 1757 3102 seyens
1778 3019 1894 3084 lemeis
1915 3020 2044 3086 lesehee
2066 3017 2185 3085 d’eetre
2202 3021 2386 3085 eonfermen
2408 3038 2453 3085 en

437 3126 520 3168 neus
545 3125 587 3167 en
611 3104 715 3168 tirens
737 3106 824 3169 aussi
848 3124 950 3186 vrnye
973 3103 1144 3170 substance
1166 3123 1249 3185 peur
1270 3124 1311 3167 en
1330 3112 1417 3169 estre
1471 3102 1503 3168 le
1531 3105 1656 3170 ereinte
1685 3103 1725 3169 de
1750 3104 1834 3170 Dien
1863 3114 1897 3170 et
1918 3125 1960 3170 en
1982 3126 2042 3172 sen
2064 3124 2189 3183 amour,
2224 3113 2257 3169 et
2279 3125 2321 3170 en
2343 3103 2377 3170 le
2399 3124 2453 3172 ee·

436 3189 577 3254 nourris.
629 3187 678 3254 Or
711 3208 753 3253 en
788 3189 964 3269 eentrnire,
996 3187 1279 3272 qu’edviendre·il
1307 3189 1417 3271 quand
1470 3190 1664 3273 gnoiesenee
1677 3190 1734 3255 des
1745 3210 1861 3273 greees
1875 3191 1915 3256 de
1927 3203 2041 3257 nostre
2054 3189 2218 3276 Seigneur
2229 3189 2455 3269 Iesuerriet,

436 3295 521 3340 nens
543 3272 709 3340 vendrens
736 3283 823 3340 estre
845 3295 946 3359 grans
968 3275 1120 3341 deetenrs
1143 3294 1220 3340 sens
1242 3283 1327 3340 estre
1349 3273 1416 3340 edi·
1468 3276 1538 3340 etin
1568 3276 1734 3358 qn’eetens
1762 3276 1806 3341 dn
1835 3283 1906 3342 teut
1935 3276 2047 3343 dedier
2077 3286 2098 3342 d
2121 3277 2180 3360 lny
2202 3276 2225 3341 il
2248 3294 2332 3342 nene
2352 3275 2455 3343 ettire

434 3362 497 3427 tien
527 3380 568 3426 οη
597 3360 629 3426 le
657 3360 781 3427 ereinte
803 3360 843 3427 de
866 3362 962 3439 Dieu,
994 3370 1029 3428 et
1050 3382 1092 3427 en
1114 3360 1147 3427 le
1168 3363 1221 3446 sey
1245 3360 1285 3426 de
1306 3366 1418 3428 nestre
1471 3367 1492 3426 d
1514 3360 1711 3445 l'esperenee
1733 3359 1774 3427 de
1795 3362 1827 3429 le
1849 3363 1903 3429 vie
1925 3362 2054 3431 eeleste.
2099 3362 2174 3445 Que
2197 3360 2281 3430 dene
2303 3381 2387 3429 neus
2408 3382 2455 3430 ne

435 3446 603 3533 Seignenr
633 3447 728 3514 Iesus
760 3445 893 3514 Christ?
946 3447 1037 3514 Nous
1070 3448 1261 3531 lengnirens
1292 3467 1418 3514 eemme
1470 3468 1590 3532 seyens
1611 3449 1729 3513 iemeie
1750 3450 1860 3514 senles
1882 3448 1923 3514 de
1945 3449 2023 3527 oete,
2052 3450 2136 3515 meis
2158 3470 2221 3532 que
2244 3469 2328 3517 neue
2348 3467 2456 3534 syene

435 3554 482 3597 nn
504 3535 635 3599 hemme
655 3534 710 3617 qni
732 3555 806 3600 sere
828 3533 1010 3617 desperate,
1033 3534 1057 3599 il
1080 3533 1234 3600 eerehere
1255 3553 1308 3599 ses
1322 3553 1419 3616 eppe·
1470 3554 1517 3598 nn
1532 3536 1656 3617 appetit
1671 3535 1836 3600 eontinnel
1858 3535 1976 3602 d'eetre
1998 3536 2081 3601 einsi
2104 3555 2222 3617 repens
2237 3541 2271 3600 et
2293 3536 2457 3602 ressuien

437 3621 509 3684 tite:
532 3628 566 3684 et
581 3619 665 3699 bien,
687 3620 710 3683 il
733 3630 859 3703 trempe
882 3622 922 3685 de
943 3620 1045 3705 deigt,
1067 3620 1092 3684 il
1113 3640 1218 3698 sneee,
1240 3620 1264 3684 il
1285 3619 1416 3686 ereehe:
1470 3619 1510 3685 de
1531 3630 1617 3686 eeste
1632 3630 1764 3704 pestere
1785 3620 1913 3700 οοΙοοιο,
1936 3630 1977 3687 et·
1990 3642 2031 3687 en
2052 3621 2085 3686 le
2107 3621 2160 3688 vie
2181 3628 2216 3687 et
2237 3641 2277 3687 en
2302 3621 2335 3685 Ιο
2355 3630 2459 3702 mort

436 3717 471 3769 et
493 3704 569 3788 puis
590 3726 695 3788 epres,
722 3706 746 3769 il
770 3727 864 3772 verre
887 3727 952 3771 nne
973 3706 1100 3781 viando.
1129 3715 1163 3772 et
1184 3706 1332 3771 d'entent
1354 3725 1417 3788 qne
1471 3715 1503 3772 et
1537 3724 1620 3772 nous
1651 3708 1819 3772 sentirene
1847 3728 1910 3790 que
1939 3705 1971 3771 le
2000 3708 2146 3774 dentrine
2176 3706 2216 3773 de
2246 3713 2359 3773 nostre
2382 3703 2456 3774 Sei-

437 3811 498 3855 een
530 3792 698 3858 eetemneh
731 3803 780 3858 eet
810 3793 900 3858 desie
928 3792 1045 3876 rempli
1076 3792 1115 3857 de
1144 3791 1330 3858 meuveises
1357 3790 1418 3858 hu·
1471 3812 1577 3876 gneur
1599 3790 1690 3860 Iesus
1712 3792 1826 3858 Christ
1848 3803 1900 3857 est
1920 3794 2020 3874 enine,
2050 3804 2084 3859 et
2106 3813 2169 3877 que
2191 3812 2276 3859 neus
2297 3812 2339 3858 οη
2358 3813 2458 3877 peur—

437 3896 550 3941 meurs
580 3887 613 3942 et
642 3897 859 3962 eerrempnee‚
893 3876 917 3942 il
946 3879 1004 3963 luy
1034 3878 1156 3943 semble
1184 3898 1318 3944 eneeres
1339 3876 1419 3960 qu'il
1471 3900 1549 3943 rens
1571 3886 1657 3944 estre
1684 3878 1798 3963 guaris
1832 3878 2043 3963 pleinement,
2072 3884 2107 3944 et
2128 3878 2248 3962 qu'elle
2270 3898 2354 3944 neus
2377 3899 2461 3945 οοη·

437 3981 557 4044 penrrn
586 3963 727 4047 prendre
756 3965 881 4048 appetit
910 3971 931 4029 d
958 3964 991 4028 le
1019 3962 1154 4030 viende:
1188 3964 1272 4030 meis
1302 3964 1330 4029 si
1352 3972 1418 4029 teet
1472 3964 1568 4029 deire
1600 3983 1641 4029 eu
1675 3965 1733 4030 but
1762 3965 1818 4047 qni
1850 3984 1934 4031 neue
1961 3975 2011 4030 est
2040 3974 2194 4049 propese,
2226 3966 2337 4049 qnend
2371 3985 2459 4032 nene

437 4049 516 4129 qu’il
548 4048 615 4115 l'he
640 4070 681 4114 en
706 4049 737 4114 le
758 4050 893 4128 beuehe,
922 4049 985 4115 elle
1007 4049 1064 4134 luy
1087 4049 1180 4115 finire
1202 4048 1279 4114 mel.
1322 4050 1418 4115 Ainei
1473 4069 1587 4116 serens
1620 4049 1736 4116 retiret
1769 4049 1809 4115 de
1838 4059 1924 4118 eeete
1955 4053 2008 4117 vie
2040 4052 2200 4134 nudeque,
2234 4062 2346 4118 esteris
2380 4051 2457 4118 des·

438 4156 480 4198 en
496 4135 584 4200 est-il
599 4135 640 4200 de
656 4144 728 4201 tens
743 4156 827 4201 senx
843 4137 900 4220 qui
918 4135 1136 4202 s’eddennent
1156 4136 1239 4202 ainsi
1261 4142 1283 4200 b
1304 4138 1419 4201 veines
1472 4134 1611 4220 penillez
1640 4136 1680 4200 de
1711 4145 1820 4203 tontes
1849 4137 1897 4202 les
1925 4138 2131 4221 eorreptions
2154 4138 2193 4203 de
2216 4147 2327 4203 nestre
2349 4135 2459 4205 ebnir.

440 4221 596 4302 disputes,
619 4242 663 4286 eu
678 4222 754 4287 bien
769 4221 793 4286 il
814 4245 837 4307 y
860 4242 880 4286 η
901 4243 947 4286 un
970 4223 1093 4306 appetit
1115 4222 1143 4288 si
1166 4221 1334 4299 desberde,
1357 4243 1419 4305 que
1560 4220 1609 4287 Or
1639 4241 1822 4288 neus-neue
1850 4231 2098 4306 presternerens
2123 4221 2244 4288 devant
2265 4224 2298 4289 le
2320 4223 2392 4290 nee
2413 4221 2459 4289 de

438 4304 487 4372 les
509 4306 657 4375 hommes
686 4309 781 4373 veins
809 4318 843 4373 et
864 4308 996 4374 triveles
1019 4329 1061 4375 ne
1083 4329 1119 4374 se
1140 4314 1285 4391 peurent
1306 4307 1421 4372 iemeie
1474 4316 1585 4374 nostre
1608 4307 1672 4374 ben
1695 4308 1780 4374 Dieu
1804 4317 1864 4375 ete.

438 4393 548 4458 eoelsr
583 4394 624 4460 de
661 4396 830 4477 questions
868 4394 1011 4461 inutiles.
1070 4394 1222 4462 Prenene
1266 4394 1298 4459 le
1333 4393 1420 4458 simi·

1265 4721 1625 4732 ————.—

898 4988 1650 5084 QUARANTEHUITIEME
1693 4994 1986 5078 SERMON.

1440 5165 1445 5250 Ι
1470 5162 1539 5228 deit
1568 5162 1690 5244 edifier,
1720 5174 1753 5230 et
1782 5164 1860 5248 qn'il
1889 5187 1931 5232 ne
1959 5185 2040 5231 neus
2068 5167 2137 5231 tent
2163 5166 2256 5250 point
2276 5174 2462 5234 emerere

747 5250 850 5334 Ohep.
872 5251 935 5335 VI,
958 5274 987 5319 v.
1011 5252 1107 5318 3-7.
1469 5249 1584 5315 ehoses
1600 5252 1722 5333 vairos,
1742 5272 1798 5318 eer
1820 5272 1856 5317 ee
1879 5271 1921 5317 ne
1934 5252 2035 5317 eereit
2055 5253 2149 5335 point
2164 5272 2245 5335 peer
2260 5249 2458 5320 desneiner

1469 5357 1535 5401 nne
1555 5335 1696 5403 maledie
1716 5337 1773 5421 qni
1794 5337 1894 5403 serpit
1916 5339 1943 5404 si
1965 5335 2138 5420 protendet
2169 5338 2253 5402 meis
2274 5336 2297 5401 il
2319 5347 2373 5404 est
2395 5338 2456 5405 be·

524 5423 652 5490 Peuree
685 5442 750 5506 que
780 5422 819 5488 de
847 5434 962 5489 nature
990 5424 1040 5492 les
1069 5425 1217 5490 hommes
1244 5433 1318 5489 sent
1346 5431 1417 5488 tent
1469 5422 1541 5487 sein
1573 5423 1660 5489 sessi
1693 5441 1757 5505 qne
1790 5443 1873 5489 nens
1909 5443 2031 5507 seyens
2066 5422 2274 5489 admonentes
2311 5423 2354 5488 de
2386 5425 2459 5492 fuir

435 5507 607 5575 eddennez
635 5516 764 5576 deeste
795 5509 869 5575 folle
898 5513 1078 5577 eonveitise
1107 5511 1147 5576 de
1173 5511 1302 5595 speveir
1329 5518 1416 5575 teus·
1469 5513 1577 5573 tentes
1599 5508 1772 5575 euriositen
1794 5509 1986 5587 meuvnises
2009 5514 2043 5575 et
2065 5510 2121 5592 qui
2138 5530 2180 5575 ne
2195 5517 2341 5593 pensent
2355 5510 2454 5577 sinen

437 5596 530 5746 {tlt
556 5599 597 5746 t
618 5615 673 5749 lt
691 5596 948 5764 ‘ltttttlt
973 5617 1142 5767 stiffi
1164 5617 1204 5748 ll
1222 5597 1312 5748 ‘itt
1326 5593 1418 5748 lt&
1470 5598 1699 5747 illim?
1715 5613 1801 5747 dtr
1823 5605 2013 5747 “illeiis
2029 5594 2457 5768 'tutllttttdtt
